<?xml version="1.0" encoding="UTF-8"?><collection xmlns="http://www.loc.gov/MARC21/slim"><record><leader>00340nam--2200121-i-4500</leader><controlfield tag="001">000036279</controlfield><controlfield tag="002">20161230</controlfield><controlfield tag="005">20161230201040</controlfield><controlfield tag="008">060222s1000------------r-----000-0-eng-d</controlfield><datafield ind1=" " ind2=" " tag="100"><subfield code="a">Novacu, Valer</subfield></datafield><datafield ind1=" " ind2=" " tag="245"><subfield code="a">Introducere in electrodinamica. vol.ii: teoriile microscopica si relativista</subfield></datafield><datafield ind1=" " ind2=" " tag="260"><subfield code="a">Bucuresti, Acd.Rpr, 1955, 277p</subfield></datafield><datafield ind1=" " ind2=" " tag="852"><subfield code="a">4172</subfield></datafield></record></collection>